@online{ref:HSV_vs_RGB,
author = {Tarek Mamdouh},
title = {Color spaces (RGB vs HSV) - Which one you should use?},
month = apr,
year = {2020},
url = {https://discover.hubpages.com/technology/Color-spaces-RGB-vs-HSV-Which-one-to-use}
}

@inproceedings{ref:KrauseStarkDengFei-Fei_3DRR2013,
  title = {3D Object Representations for Fine-Grained Categorization},
  booktitle = {4th International IEEE Workshop on  3D Representation and Recognition (3dRR-13)},
  year = {2013},
  address = {Sydney, Australia},
  author = {Jonathan Krause and Michael Stark and Jia Deng and Li Fei-Fei}
}

@online{ref:Vehicle_detection_in_python,
author = {Harsh Parmar},
title = {Vehicle detection in Python using OpenCV},
year = {2021},
url = {https://www.codespeedy.com/vehicle-detection-in-python-using-opencv/}
}

@online{ref:colour_sorting,
	author = {Alan Zucconi},	
	title = {The incredibly challenging task of sorting colours},
	month = {Sep},
	year = {2015},
	url = {https://www.alanzucconi.com/2015/09/30/colour-sorting/}
}

@online{ref:object_orientation,
	author = {Addison Sears-Collins},	
	title = {How to Determine the Orientation of an Object Using OpenCV},
	month = {Mar},
	year = {2021},
	url = {https://automaticaddison.com/how-to-determine-the-orientation-of-an-object-using-opencv/}
}

@INPROCEEDINGS{9578190,
  author={Gupta, Deepak K. and Arya, Devanshu and Gavves, Efstratios},
  booktitle={2021 IEEE/CVF Conference on Computer Vision and Pattern Recognition (CVPR)}, 
  title={Rotation Equivariant Siamese Networks for Tracking}, 
  year={2021},
  pages={12357-12366},
  doi={10.1109/CVPR46437.2021.01218}
}

@online{ref:fish-eye,
	author = {Kenneth Jiang},	
	title = {Calibrate fisheye lens using OpenCV},
	month = {Sep},
	year = {2017},
	url = {https://medium.com/@kennethjiang/calibrate-fisheye-lens-using-opencv-333b05afa0b0}
}

@online{ref:what_is_cross_corrilation,
	author = {Matt Carrick},
	title = {Cross Correlation Explained With Real Signals},
	month = {Dec},
	year = {2021}, 
	url = {https://www.wavewalkerdsp.com/2021/12/01/cross-correlation-explained-with-real-signals/}
}

@online{ref:open_cv_templae_matching,
	author = {Adrian Rosebrock},
	title = {OpenCV Template Matching (cv2.matchTemplate)},
	month = {Mar},
	year = {2021}, 
	url = {https://pyimagesearch.com/2021/03/22/opencv-template-matching-cv2-matchtemplate/}
}
	

